<?xml version="1.0" encoding="UTF-8"?><collection xmlns="http://www.loc.gov/MARC21/slim"><record><leader>00487nam--2200157-i-4500</leader><controlfield tag="001">000012432</controlfield><controlfield tag="002">20161230</controlfield><controlfield tag="005">20170207001211</controlfield><controlfield tag="008">060222s1000------------r-----000-0-eng-d</controlfield><datafield ind1=" " ind2=" " tag="100"><subfield code="a">Collins, David</subfield></datafield><datafield ind1=" " ind2=" " tag="245"><subfield code="a">Motorola s 6800 .vs. intel s 8080. Course notes. Revision b-february 1976. From the learning tree tm</subfield></datafield><datafield ind1=" " ind2=" " tag="260"><subfield code="a">Culver City</subfield><subfield code="b">Integrated Computer Systems, Inc</subfield><subfield code="c">1976</subfield></datafield><datafield ind1=" " ind2=" " tag="300"><subfield code="a">/Dif.P.</subfield></datafield><datafield ind1=" " ind2=" " tag="700"><subfield code="a">Garan, Eric</subfield></datafield><datafield ind1=" " ind2=" " tag="852"><subfield code="a">681.3.01(075.9)</subfield></datafield><datafield ind1=" " ind2=" " tag="CAT"><subfield code="a">SYS</subfield><subfield code="c">20170207</subfield><subfield code="h">001211</subfield></datafield></record></collection>